<?xml version="1.0" encoding="UTF-8"?><collection xmlns="http://www.loc.gov/MARC21/slim"><record><leader>00455nam--2200181-u-4500</leader><controlfield tag="001">000055339</controlfield><controlfield tag="002">20161230</controlfield><controlfield tag="005">20161230201052</controlfield><controlfield tag="008">130121s1000------------r-----000-0-rus-d</controlfield><datafield ind1=" " ind2=" " tag="040"><subfield code="a">IFIN-HH</subfield></datafield><datafield ind1=" " ind2=" " tag="041"><subfield code="a">rus</subfield></datafield><datafield ind1=" " ind2=" " tag="080"><subfield code="a">539.3</subfield></datafield><datafield ind1="1" ind2=" " tag="100"><subfield code="a">Popov, G.Ia</subfield></datafield><datafield ind1="1" ind2="0" tag="245"><subfield code="a">Kontaktnie zadaci dlia lineino-deformaruemogo osnovania</subfield><subfield code="c">G.ia. popov</subfield></datafield><datafield ind1=" " ind2=" " tag="260"><subfield code="a">Kiev</subfield><subfield code="b">Visa Slola</subfield><subfield code="c">1982</subfield></datafield><datafield ind1=" " ind2=" " tag="300"><subfield code="a">167P</subfield></datafield><datafield ind1=" " ind2=" " tag="852"><subfield code="a">70852</subfield><subfield code="c">539.3</subfield></datafield><datafield ind1=" " ind2=" " tag="CAT"><subfield code="a">Sys</subfield><subfield code="c">20130121</subfield><subfield code="h">170644</subfield></datafield></record></collection>